<?xml version="1.0" encoding="UTF-8"?><collection xmlns="http://www.loc.gov/MARC21/slim"><record><leader>00359nam--2200121-i-4500</leader><controlfield tag="001">000003077</controlfield><controlfield tag="002">20161230</controlfield><controlfield tag="005">20161230201025</controlfield><controlfield tag="008">060222s1000------------r-----000-0-eng-d</controlfield><datafield ind1=" " ind2=" " tag="100"><subfield code="a">Destouches, Jean-Louis</subfield></datafield><datafield ind1=" " ind2=" " tag="245"><subfield code="a">La quantification en theorie fonctionnelle des corpuscules</subfield></datafield><datafield ind1=" " ind2=" " tag="260"><subfield code="a">Paris, Gauthier-villars, 1956</subfield></datafield><datafield ind1=" " ind2=" " tag="490"><subfield code="a">Les Grands Problemes Des Sciences</subfield></datafield></record></collection>